@INPROCEEDINGS{Junzhi2019gan,
    author={Junzhi, Li and Wanqing, Li and Qixiang, Fu and Beidian, Liu},
    booktitle={2019 IEEE 19th International Conference on Communication Technology (ICCT)},
    title={Research Progress of GNSS Spoofing and Spoofing Detection Technology},
    year={2019},
    volume={},
    number={},
    pages={1360-1369},
    doi={10.1109/ICCT46805.2019.8947107}
}

@article{dasgupta2021reinforcement,
    title={A Reinforcement Learning Approach for GNSS Spoofing Attack Detection of Autonomous Vehicles},
    author={Dasgupta, Sagar and Ghosh, Tonmoy and Rahman, Mizanur},
    journal={arXiv preprint arXiv:2108.08628},
    year={2021}
}
