@INPROCEEDINGS{Junzhi2019gan,
    author={Junzhi, Li and Wanqing, Li and Qixiang, Fu and Beidian, Liu},
    booktitle={2019 IEEE 19th International Conference on Communication Technology (ICCT)},
    title={Research Progress of GNSS Spoofing and Spoofing Detection Technology},
    year={2019},
    volume={},
    number={},
    pages={1360-1369},
    doi={10.1109/ICCT46805.2019.8947107}
}

@article{dasgupta2021reinforcement,
    title={A Reinforcement Learning Approach for GNSS Spoofing Attack Detection of Autonomous Vehicles},
    author={Dasgupta, Sagar and Ghosh, Tonmoy and Rahman, Mizanur},
    journal={arXiv preprint arXiv:2108.08628},
    year={2021}
}

@article{semanjski2020gnss,
    title={GNSS Spoofing Detection by Supervised Machine Learning with Validation on Real-World Meaconing and Spoofing Data-Part II.},
    author={Semanjski, Silvio and Semanjski, Ivana and De Wilde, Wim and Gautama, Sidharta},
    journal={Sensors (Basel, Switzerland)},
    volume={20},
    number={7},
    year={2020}
}

@article{刘法旺2021自动驾驶系统功能安全与预期功能安全研究,
    title={自动驾驶系统功能安全与预期功能安全研究},
    author={刘法旺 and 李艳文},
    journal={工业技术创新},
    volume={8},
    number={3},
    pages={7},
    year={2021},
}

@misc{iso_2018,
    title={ISO 26262-1:2018},
    author={ISO},
    url={https://www.iso.org/obp/ui/#iso:std:iso:26262:-2:ed-2:v1:en},
    journal={ISO},
    publisher={ISO},
    year={2018},
    month={Dec}
}

@article{bian2017research,
    title={Research status and prospect of GNSS anti-spoofing technology},
    author={BIAN, Shaofeng and HU, Yanfeng and JI, Bing},
    journal={Scientia Sinica Informationis},
    volume={47},
    number={3},
    pages={275--287},
    year={2017},
    publisher={Science China Press}
}

@article{zidan2020gnss,
    title={GNSS vulnerabilities and existing solutions: A review of the literature},
    author={Zidan, Jasmine and Adegoke, Elijah I and Kampert, Erik and Birrell, Stewart A and Ford, Col R and Higgins, Matthew D},
    journal={IEEE Access},
    volume={9},
    pages={153960--153976},
    year={2020},
    publisher={IEEE}
}

@article{郝晶晶2021智能网联汽车信息安全威胁识别和防护方法研究,
    title={智能网联汽车信息安全威胁识别和防护方法研究},
    author={郝晶晶 and 韩光省},
    journal={现代电子技术},
    volume={44},
    number={23},
    pages={5},
    year={2021},
}

@misc{智能网联汽车安全渗透白皮书2.0_2021,
    title={智能网联汽车安全渗透白皮书2.0},
    author={中国软件评测中心·智能网联汽车测评工程技术中心},
    url={https://www.cstc.org.cn/chezaizhinengjisuanpingtaigongnenganquanbaipishu.pdf},
    publisher={中国软件评测中心·智能网联汽车测评工程技术中心},
    year={2021}
}

@article{宋昊辰2020智能网联汽车信息安全综述,
    title={智能网联汽车信息安全综述},
    author={宋昊辰 and 杨林 and 徐华伟 and 杨珺婕 and 胡坚耀 and 陈超英},
    journal={信息安全与通信保密},
    number={7},
    pages={9},
    year={2020},
}

@article{庞晶2016GNSS,
    title={GNSS欺骗干扰技术研究},
    author={庞晶 and 倪少杰 and 聂俊伟 and 欧钢},
    journal={火力与指挥控制},
    volume={41},
    number={7},
    pages={5},
    year={2016},
}

@article{周彦2022GNSS欺骗检测,
    title={GNSS欺骗式干扰检测综述},
    author={周彦 and 王山亮 and 杨威 and 张世仓 and 蔡成林},
    journal={计算机工程与应用},
    pages={12},
    year={2022}
}

@book{kaplan2005understanding,
    title={Understanding GPS: Principles and Applications},
    author={Kaplan, E. and Hegarty, C.},
    isbn={9781580538954},
    lccn={2005056270},
    series={Artech House mobile communications series},
    url={https://books.google.com.hk/books?id=-sPXPuOW7ggC},
    year={2005},
    publisher={Artech House}
}
